@misc{panel,
  author    = {Philipp Rudiger, Marc Skov Madsen, Simon Høxbro Hansen, Maxime 
              Liquet, Andrew, Xavier Artusi, James A. Bednar, Chris B, Jean-Luc 
              Stevens, Demetris Roumis, Julia Signell, Christoph Deil, Mateusz 
              Paprocki, Jon Mease, Jerry Wu, Arne, Hugues-Yanis Amanieu, thuydotm, 
              Simon, … Ray Bell},
  title     = {holoviz/panel: Panel},
  month     = apr,
  year      = {2024},
  publisher = {Zenodo},
  version   = {1.4.2},
  url       = {https://doi.org/10.5281/zenodo.3706648}
  }

@misc{param,
  author    = {Philipp Rudiger, Jean-Luc Stevens, Chris B, Maxime Liquet, James 
              A. Bednar, Marco Elver, Simon Høxbro Hansen, kbowen, Demetris Roumis, 
              Ben Beasley, Sean Robertson, thomasdeneux, Tony Fast, Julia Signell, 
              Andrew Davies, Alfredo Carella, Andrew, Gabriel Corona, Hugo van Kemenade, 
              … scottwedge},
  title     = {holoviz/param: Param},
  month     = apr,
  year      = {2024},
  publisher = {Zenodo},
  version   = {2.1.0},
  url       = {https://doi.org/10.5281/zenodo.11046027}
  }

@misc{holoviews,
  author    = {Philipp Rudiger, Jean-Luc Stevens, Simon Høxbro Hansen, James A. Bednar, 
              Maxime Liquet, Andrew, Bas Nijholt, Jon Mease, Chris B, Achim Randelhoff, 
              Vasco Tenner, maxalbert, Markus Kaiser, ea42gh, stonebig, Jordan Samuels, 
              Ian Thomas, Douglas Raillard, Kim Pevey, … John Bampton},
  title     = {holoviz/holoviews: holoviews},
  month     = apr,
  year      = {2024},
  publisher = {Zenodo},
  version   = {2.1.0},
  url       = {https://doi.org/10.5281/zenodo.10653612}
  }

@misc{bokeh,
  author    = {Bokeh Development Team}, 
  title     = {Bokeh: Python library for interactive visualization},
  year      = {2018},
  url       = {https://bokeh.pydata.org/en/latest/},
  }

@misc{plotly,
  author    = {{Plotly Technologies Inc.}}, 
  title     = {Collaborative data science}, 
  year      = {2015},
  publisher = {Plotly Technologies Inc.}, 
  address   = {Montreal, QC},
  url       = {https://plot.ly}
  }