@ARTICLE{LaPlante2021,
       author = {{La Plante}, P. and {Williams}, P.~K.~G. and {Kolopanis}, M. and {Dillon}, J.~S. and {Beardsley}, A.~P. and {Kern}, N.~S. and {Wilensky}, M. and {Ali}, Z.~S. and {Abdurashidova}, Z. and {Aguirre}, J.~E. and {Alexander}, P. and {Balfour}, Y. and {Bernardi}, G. and {Billings}, T.~S. and {Bowman}, J.~D. and {Bradley}, R.~F. and {Bull}, P. and {Burba}, J. and {Carey}, S. and {Carilli}, C.~L. and {Cheng}, C. and {DeBoer}, D.~R. and {Dexter}, M. and {de Lera Acedo}, E. and {Ely}, J. and {Ewall-Wice}, A. and {Fagnoni}, N. and {Fritz}, R. and {Furlanetto}, S.~R. and {Gale-Sides}, K. and {Glendenning}, B. and {Gorthi}, D. and {Greig}, B. and {Grobbelaar}, J. and {Halday}, Z. and {Hazelton}, B.~J. and {Hewitt}, J.~N. and {Hickish}, J. and {Jacobs}, D.~C. and {Julius}, A. and {Kerrigan}, J. and {Kittiwisit}, P. and {Kohn}, S.~A. and {Lanman}, A. and {Lekalake}, T. and {Lewis}, D. and {Liu}, A. and {MacMahon}, D. and {Malan}, L. and {Malgas}, C. and {Maree}, M. and {Martinot}, Z.~E. and {Matsetela}, E. and {Mesinger}, A. and {Molewa}, M. and {Morales}, M.~F. and {Mosiane}, T. and {Murray}, S. and {Neben}, A.~R. and {Nikolic}, B. and {Parsons}, A.~R. and {Pascua}, R. and {Patra}, N. and {Pieterse}, S. and {Pober}, J.~C. and {Razavi-Ghods}, N. and {Ringuette}, J. and {Robnett}, J. and {Rosie}, K. and {Santos}, M.~G. and {Sims}, P. and {Smith}, C. and {Syce}, A. and {Thyagarajan}, N. and {Zheng}, H.},
        title = "{A Real Time Processing system for big data in astronomy: Applications to HERA}",
      journal = {Astronomy and Computing},
     keywords = {Methods, Data analysis - Physical sciences and engineering, Astronomy - Software, Data analysis - Software, Development, Astrophysics - Instrumentation and Methods for Astrophysics},
         year = 2021,
        month = jul,
       volume = {36},
          eid = {100489},
        pages = {100489},
          doi = {10.1016/j.ascom.2021.100489},
archivePrefix = {arXiv},
       eprint = {2104.03990},
 primaryClass = {astro-ph.IM},
       adsurl = {https://ui.adsabs.harvard.edu/abs/2021A&C....3600489L},
      adsnote = {Provided by the SAO/NASA Astrophysics Data System}
}

@ARTICLE{LaPlante2020,
       author = {{La Plante}, Paul and {Williams}, Peter K.~G. and {Dillon}, Joshua S.},
        title = "{Developing a Real-Time Processing System for HERA}",
      journal = {URSI Radio Science Letters},
     keywords = {Astrophysics - Instrumentation and Methods for Astrophysics},
         year = 2020,
        month = jan,
       volume = {2},
          eid = {41},
        pages = {41},
          doi = {10.46620/20-0041},
archivePrefix = {arXiv},
       eprint = {2010.11969},
 primaryClass = {astro-ph.IM},
       adsurl = {https://ui.adsabs.harvard.edu/abs/2020URSL....2...41L},
      adsnote = {Provided by the SAO/NASA Astrophysics Data System}
}

@ARTICLE{Ade2019,
       author = {{Ade}, Peter and {Aguirre}, James and {Ahmed}, Zeeshan and {Aiola}, Simone and {Ali}, Aamir and {Alonso}, David and {Alvarez}, Marcelo A. and {Arnold}, Kam and {Ashton}, Peter and {Austermann}, Jason and et al.},
        title = "{The Simons Observatory: science goals and forecasts}",
      journal = {\jcap},
     keywords = {Astrophysics - Cosmology and Nongalactic Astrophysics},
         year = 2019,
        month = feb,
       volume = {2019},
       number = {2},
          eid = {056},
        pages = {056},
          doi = {10.1088/1475-7516/2019/02/056},
archivePrefix = {arXiv},
       eprint = {1808.07445},
 primaryClass = {astro-ph.CO},
       adsurl = {https://ui.adsabs.harvard.edu/abs/2019JCAP...02..056A},
      adsnote = {Provided by the SAO/NASA Astrophysics Data System}
}

@ARTICLE{Foster2011,
  author={Foster, Ian},
  journal={IEEE Internet Computing}, 
  title={Globus Online: Accelerating and Democratizing Science through Cloud-Based Services}, 
  year={2011},
  volume={15},
  number={3},
  pages={70-73},
  keywords={Cloud computing;Electronic mail;Servers;Facsimile;Outsourcing;Keywords: cloud;science;Globus Online;outsourcing;Internet computing},
  doi={10.1109/MIC.2011.64}}

@article{Allen2012,
author = {Allen, Bryce and Bresnahan, John and Childers, Lisa and Foster, Ian and Kandaswamy, Gopi and Kettimuthu, Raj and Kordas, Jack and Link, Mike and Martin, Stuart and Pickett, Karl and Tuecke, Steven},
title = {Software as a service for data scientists},
year = {2012},
issue_date = {February 2012},
publisher = {Association for Computing Machinery},
address = {New York, NY, USA},
volume = {55},
number = {2},
issn = {0001-0782},
url = {https://doi.org/10.1145/2076450.2076468},
doi = {10.1145/2076450.2076468},
abstract = {Globus Online manages fire-and-forget file transfers for big-data, high-performance scientific collaborations.},
journal = {Commun. ACM},
month = {feb},
pages = {81–88},
numpages = {8}
}

@article{Rucio2019,
       author = {{Barisits}, Martin and {Beermann}, Thomas and {Berghaus}, Frank and
         {Bockelman}, Brian and {Bogado}, Joaquin and {Cameron}, David and
         {Christidis}, Dimitrios and {Ciangottini}, Diego and
         {Dimitrov}, Gancho and {Elsing}, Markus and {Garonne}, Vincent and
         {di Girolamo}, Alessandro and {Goossens}, Luc and {Guan}, Wen and
         {Guenther}, Jaroslav and {Javurek}, Tomas and {Kuhn}, Dietmar and
         {Lassnig}, Mario and {Lopez}, Fernando and {Magini}, Nicolo and
         {Molfetas}, Angelos and {Nairz}, Armin and {Ould-Saada}, Farid and
         {Prenner}, Stefan and {Serfon}, Cedric and {Stewart}, Graeme and {Vaand
        ering}, Eric and {Vasileva}, Petya and {Vigne}, Ralph and
         {Wegner}, Tobias},
        title = "Rucio: Scientific Data Management",
      journal = "Computing and Software for Big Science",
       volume = "3",
         year = "2019",
        month = "Aug",
          day = "09",
       number = "1",
        pages = "11",
         issn = "2510-2044",
          doi = "10.1007/s41781-019-0026-3",
          url = "https://doi.org/10.1007/s41781-019-0026-3",
    publisher = "Springer International Publishing"
}

@misc{iRODS2024,
  author = {RODS Consortium},
    title = {iRODS},
    year = {2024},
    url = {https://irods.org/},
    note = {Accessed: 2024-01-01}
}

@misc{GitAnnex2024,
    author = {Joey Hess},
        title = {git-annex},
        year = {2024},
        url = {https://git-annex.branchable.com/},
        note = {Accessed: 2024-01-01}
    }

@article{Halchenko2021, doi = {10.21105/joss.03262}, url =
{https://doi.org/10.21105/joss.03262}, year = {2021}, publisher = {The Open
Journal}, volume = {6}, number = {63}, pages = {3262}, author = {Yaroslav O.
Halchenko and Kyle Meyer and Benjamin Poldrack and Debanjum Singh Solanky
and Adina S. Wagner and Jason Gors and Dave MacFarlane and Dorian Pustina
and Vanessa Sochat and Satrajit S. Ghosh and Christian Mönch and Christopher
J. Markiewicz and Laura Waite and Ilya Shlyakhter and Alejandro de la Vega
and Soichi Hayashi and Christian Olaf Häusler and Jean-Baptiste Poline and
Tobias Kadelka and Kusti Skytén and Dorota Jarecka and David Kennedy and Ted
Strauss and Matt Cieslak and Peter Vavra and Horea-Ioan Ioanas and Robin
Schneider and Mika Pflüger and James V. Haxby and Simon B. Eickhoff and
Michael Hanke}, title = {DataLad: distributed system for joint management of
code, data, and their relationship}, journal = {Journal of Open Source
Software} }

@ARTICLE{DeBoer2017,
       author = {{DeBoer}, David R. and {Parsons}, Aaron R. and {Aguirre}, James E. and {Alexander}, Paul and {Ali}, Zaki S. and {Beardsley}, Adam P. and {Bernardi}, Gianni and {Bowman}, Judd D. and {Bradley}, Richard F. and {Carilli}, Chris L. and {Cheng}, Carina and {de Lera Acedo}, Eloy and {Dillon}, Joshua S. and {Ewall-Wice}, Aaron and {Fadana}, Gcobisa and {Fagnoni}, Nicolas and {Fritz}, Randall and {Furlanetto}, Steve R. and {Glendenning}, Brian and {Greig}, Bradley and {Grobbelaar}, Jasper and {Hazelton}, Bryna J. and {Hewitt}, Jacqueline N. and {Hickish}, Jack and {Jacobs}, Daniel C. and {Julius}, Austin and {Kariseb}, MacCalvin and {Kohn}, Saul A. and {Lekalake}, Telalo and {Liu}, Adrian and {Loots}, Anita and {MacMahon}, David and {Malan}, Lourence and {Malgas}, Cresshim and {Maree}, Matthys and {Martinot}, Zachary and {Mathison}, Nathan and {Matsetela}, Eunice and {Mesinger}, Andrei and {Morales}, Miguel F. and {Neben}, Abraham R. and {Patra}, Nipanjana and {Pieterse}, Samantha and {Pober}, Jonathan C. and {Razavi-Ghods}, Nima and {Ringuette}, Jon and {Robnett}, James and {Rosie}, Kathryn and {Sell}, Raddwine and {Smith}, Craig and {Syce}, Angelo and {Tegmark}, Max and {Thyagarajan}, Nithyanandan and {Williams}, Peter K.~G. and {Zheng}, Haoxuan},
        title = "{Hydrogen Epoch of Reionization Array (HERA)}",
      journal = {\pasp},
     keywords = {Astrophysics - Instrumentation and Methods for Astrophysics, Astrophysics - Cosmology and Nongalactic Astrophysics},
         year = 2017,
        month = apr,
       volume = {129},
       number = {974},
        pages = {045001},
          doi = {10.1088/1538-3873/129/974/045001},
archivePrefix = {arXiv},
       eprint = {1606.07473},
 primaryClass = {astro-ph.IM},
       adsurl = {https://ui.adsabs.harvard.edu/abs/2017PASP..129d5001D},
      adsnote = {Provided by the SAO/NASA Astrophysics Data System}
}

