

@misc{staticframe,
  author    = {{StaticFrame Development Team}},
  title     = {StaticFrame},
  year      = {2024},
  url       = {https://github.com/static-frame/static-frame},
  note      = {Accessed 1 May. 2024}
}

@misc{te,
  author    = {{typing_extensions Development Team}},
  title     = {typing-extensions},
  year      = {2024},
  url       = {https://typing-extensions.readthedocs.io/},
  note      = {Accessed 1 May. 2024}
}

@misc{mypy,
  author    = {{mypy Development Team}},
  title     = {mypy},
  year      = {2024},
  url       = {https://mypy.readthedocs.io/en/stable/},
  note      = {Accessed 1 May. 2024}
}

@misc{pyright,
  author    = {{pyright Development Team}},
  title     = {pyright},
  year      = {2024},
  url       = {https://github.com/microsoft/pyright/},
  note      = {Accessed 1 May. 2024}
}


@misc{np120,
  author    = {{NumPy Development Team}},
  title     = {NumPy 1.20.0 Release Notes},
  year      = {2021},
  url       = {https://numpy.org/doc/stable/release/1.20.0-notes.html},
  note      = {Accessed 1 May. 2024}
}

@misc{np122,
  author    = {{NumPy Development Team}},
  title     = {NumPy 1.22.0 Release Notes},
  year      = {2021},
  url       = {https://numpy.org/doc/stable/release/1.22.0-notes.html},
  note      = {Accessed 1 May. 2024}
}




@article{numpy,
  author       = {Harris, Charles R. and Millman, K. Jarrod and van der Walt, Stéfan J. and Gommers, Ralf and Virtanen, Pauli and Cournapeau, David and Wieser, Eric and Taylor, Julian and Berg, Sebastian and Smith, Nathaniel J. and Kern, Robert and Picus, Matti and Hoyer, Stephan and van Kerkwijk, Marten H. and Brett, Matthew and Haldane, Allan and del Río, Jaime Fernández and Wiebe, Mark and Peterson, Pearu and Gérard-Marchant, Pierre and Sheppard, Kevin and Reddy, Tyler and Weckesser, Warren and Abbasi, Hameer and Gohlke, Christoph and Oliphant, Travis E.},
  publisher    = {Springer Science and Business Media {LLC}},
  doi          = {https://doi.org/10.1038/s41586-020-2649-2},
  date         = {2020-09},
  year         = {2020},
  journal      = {Nature},
  number       = {7825},
  pages        = {357--362},
  title        = {Array programming with {NumPy}},
  volume       = {585},
}

@techreport{pep646,
  author  = {Mendoza, Mark and Rahtz, Matthew and Srinivasan, Pradeep Kumar and Siles, Vincent},
  title   = {PEP 646 - Variadic Generics},
  year    = {2020},
  type    = {PEP},
  number  = {646},
  url     = {https://www.python.org/dev/peps/pep-0646/},
}

@techreport{pep484,
  author  = {van Rossum, Guido and Lehtosalo, Jukka and Langa, Łukasz},
  title   = {PEP 484 - Type Hints},
  year    = {2014},
  type    = {PEP},
  number  = {484},
  url     = {https://www.python.org/dev/peps/pep-0484/},
}

@techreport{pep593,
  author  = {Gonzalez, Ryan and House, Philip and Levkivskyi, Ivan and Roach, Lisa and van Rossum, Guido},
  title   = {PEP 593 - Flexible Function and Variable Annotations},
  year    = {2019},
  type    = {PEP},
  number  = {593},
  url     = {https://www.python.org/dev/peps/pep-0593/},
}

@InProceedings{pandera,
  author    = {Bantilan, Niels},
  title     = {pandera: Statistical Data Validation of Pandas Dataframes},
  booktitle = {Proceedings of the 19th Python in Science Conference },
  pages     = {116 - 124 },
  year      = {2020},
  editor    = {Agarwal, Meghann and Calloway, Chris and Niederhut, Dillon and Shupe, David},
  doi       = {https://doi.org/10.25080/Majora-342d178e-010}
}
