
@article{MacIver2019,
  doi = {10.21105/joss.01891},
  url = {https://doi.org/10.21105/joss.01891},
  doi = "10.21105/joss.01891",
  year = {2019},
  publisher = {The Open Journal},
  volume = {4},
  number = {43},
  pages = {1891},
  author = {David MacIver and Zac Hatfield-Dodds and Many Contributors},
  title = {Hypothesis: A new approach to property-based testing},
  journal = {Journal of Open Source Software}
}

@misc{MacIver2020,
  author    = {David MacIver and Alastair Donaldson},
  title     = {Test-Case Reduction via Test-Case Generation: Insights From the Hypothesis Reducer},
  publisher = {ECOOP},
  url       = {https://2020.ecoop.org/details/ecoop-2020-papers/13/Test-Case-Reduction-via-Test-Case-Generation-Insights-From-the-Hypothesis-Reducer}
}

@misc{PraisePBT,
  author    = {David MacIver},
  title     = {{In Praise of Property-Based Testing}},
  publisher = {Increment Mag},
  url       = {https://increment.com/testing/in-praise-of-property-based-testing/}
}

@misc{hypothesis_bio,
  author    = {Benjamin Lee and Reva Shenwai and Zongyi Ha and Michael B. Hall and Vaastav Anand},
  title     = {{Hypothesis-Bio}},
  publisher = {GitHub},
  url       = {https://github.com/Lab41/hypothesis-bio}
}

@misc{MyGrad,
  author    = {Ryan Soklaski},
  title     = {MyGrad},
  publisher = {GitHub},
  url       = {https://github.com/rsokl/MyGrad}
}

@article{NMRbug,
  author = {Bhandari Neupane, Jayanti and Neupane, Ram P. and Luo, Yuheng and Yoshida, Wesley Y. and Sun, Rui and Williams, Philip G.},
  title = {Characterization of Leptazolines A–D, Polar Oxazolines from the Cyanobacterium Leptolyngbya sp., Reveals a Glitch with the “Willoughby–Hoye” Scripts for Calculating NMR Chemical Shifts},
  journal = {Organic Letters},
  volume = {21},
  number = {20},
  pages = {8449-8453},
  year = {2019},
  doi = {10.1021/acs.orglett.9b03216},
  URL = {https://doi.org/10.1021/acs.orglett.9b03216},
}

@article{Soergel2015,
  doi = {10.12688/f1000research.5930.2},
  url = {https://doi.org/10.12688/f1000research.5930.2},
  year = {2015},
  month = jul,
  publisher = {F1000 Research Ltd},
  volume = {3},
  pages = {303},
  author = {David A. W. Soergel},
  title = {Rampant software errors may undermine scientific results},
  journal = {F1000Research}
}

@misc{AstropyProblem,
    title={The Astropy Problem},
    author={Demitri Muna and Michael Alexander and Alice Allen and Richard Ashley and Daniel Asmus and Ruyman Azzollini and Michele Bannister and Rachael Beaton and Andrew Benson and G. Bruce Berriman and Maciej Bilicki and Peter Boyce and Joanna Bridge and Jan Cami and Eryn Cangi and Xian Chen and Nicholas Christiny and Christopher Clark and Michelle Collins and Johan Comparat and Neil Cook and Darren Croton and Isak Delberth Davids and Éric Depagne and John Donor and Leonardo A. dos Santos and Stephanie Douglas and Alan Du and Meredith Durbin and Dawn Erb and Daniel Faes and J. G. Fernández-Trincado and Anthony Foley and Sotiria Fotopoulou and Søren Frimann and Peter Frinchaboy and Rafael Garcia-Dias and Artur Gawryszczak and Elizabeth George and Sebastian Gonzalez and Karl Gordon and Nicholas Gorgone and Catherine Gosmeyer and Katie Grasha and Perry Greenfield and Rebekka Grellmann and James Guillochon and Mark Gurwell and Marcel Haas and Alex Hagen and Daryl Haggard and Tim Haines and Patrick Hall and Wojciech Hellwing and Edmund Christian Herenz and Samuel Hinton and Renee Hlozek and John Hoffman and Derek Holman and Benne Willem Holwerda and Anthony Horton and Cameron Hummels and Daniel Jacobs and Jens Juel Jensen and David Jones and Arna Karick and Luke Kelley and Matthew Kenworthy and Ben Kitchener and Dominik Klaes and Saul Kohn and Piotr Konorski and Coleman Krawczyk and Kyler Kuehn and Teet Kuutma and Michael T. Lam and Richard Lane and Jochen Liske and Diego Lopez-Camara and Katherine Mack and Sam Mangham and Qingqing Mao and David J. E. Marsh and Cecilia Mateu and Loïc Maurin and James McCormac and Ivelina Momcheva and Hektor Monteiro and Michael Mueller and Roberto Munoz and Rohan Naidu and Nicholas Nelson and Christian Nitschelm and Chris North and Juan Nunez-Iglesias and Sara Ogaz and Russell Owen and John Parejko and Vera Patrício and Joshua Pepper and Marshall Perrin and Timothy Pickering and Jennifer Piscionere and Richard Pogge and Radek Poleski and Alkistis Pourtsidou and Adrian M. Price-Whelan and Meredith L. Rawls and Shaun Read and Glen Rees and Hanno Rein and Thomas Rice and Signe Riemer-Sørensen and Naum Rusomarov and Sebastian F. Sanchez and Miguel Santander-García and Gal Sarid and William Schoenell and Aleks Scholz and Robert L. Schuhmann and William Schuster and Peter Scicluna and Marja Seidel and Lijing Shao and Pranav Sharma and Aleksandar Shulevski and David Shupe and Cristóbal Sifón and Brooke Simmons and Manodeep Sinha and Ian Skillen and Bjoern Soergel and Thomas Spriggs and Sundar Srinivasan and Abigail Stevens and Ole Streicher and Eric Suchyta and Joshua Tan and O. Grace Telford and Romain Thomas and Chiara Tonini and Grant Tremblay and Sarah Tuttle and Tanya Urrutia and Sam Vaughan and Miguel Verdugo and Alexander Wagner and Josh Walawender and Andrew Wetzel and Kyle Willett and Peter K. G. Williams and Guang Yang and Guangtun Zhu and Andrea Zonca},
    year={2016},
    eprint={1610.03159},
    archivePrefix={arXiv},
    primaryClass={astro-ph.IM}
}

@article{astropy:2013,
  Adsnote = {Provided by the SAO/NASA Astrophysics Data System},
  Adsurl = {http://adsabs.harvard.edu/abs/2013A%26A...558A..33A},
  Archiveprefix = {arXiv},
  Author = {{Astropy Collaboration} and {Robitaille}, T.~P. and {Tollerud}, E.~J. and {Greenfield}, P. and {Droettboom}, M. and {Bray}, E. and {Aldcroft}, T. and {Davis}, M. and {Ginsburg}, A. and {Price-Whelan}, A.~M. and {Kerzendorf}, W.~E. and {Conley}, A. and {Crighton}, N. and {Barbary}, K. and {Muna}, D. and {Ferguson}, H. and {Grollier}, F. and {Parikh}, M.~M. and {Nair}, P.~H. and {Unther}, H.~M. and {Deil}, C. and {Woillez}, J. and {Conseil}, S. and {Kramer}, R. and {Turner}, J.~E.~H. and {Singer}, L. and {Fox}, R. and {Weaver}, B.~A. and {Zabalza}, V. and {Edwards}, Z.~I. and {Azalee Bostroem}, K. and {Burke}, D.~J. and {Casey}, A.~R. and {Crawford}, S.~M. and {Dencheva}, N. and {Ely}, J. and {Jenness}, T. and {Labrie}, K. and {Lim}, P.~L. and {Pierfederici}, F. and {Pontzen}, A. and {Ptak}, A. and {Refsdal}, B. and {Servillat}, M. and {Streicher}, O.},
  Doi = {10.1051/0004-6361/201322068},
  Eid = {A33},
  Eprint = {1307.6212},
  Journal = {\aap},
  Keywords = {methods: data analysis, methods: miscellaneous, virtual observatory tools},
  Month = oct,
  Pages = {A33},
  Primaryclass = {astro-ph.IM},
  Title = {{Astropy: A community Python package for astronomy}},
  Volume = 558,
  Year = 2013,
  Bdsk-Url-1 = {https://dx.doi.org/10.1051/0004-6361/201322068}
}

@article{astropy:2018,
  Adsnote = {Provided by the SAO/NASA Astrophysics Data System},
  Adsurl = {https://ui.adsabs.harvard.edu/#abs/2018AJ....156..123T},
  Author = {{Price-Whelan}, A.~M. and {Sip{\H{o}}cz}, B.~M. and {G{\"u}nther}, H.~M. and {Lim}, P.~L. and {Crawford}, S.~M. and {Conseil}, S. and {Shupe}, D.~L. and {Craig}, M.~W. and {Dencheva}, N. and {Ginsburg}, A. and {VanderPlas}, J.~T. and {Bradley}, L.~D. and {P{\'e}rez-Su{\'a}rez}, D. and {de Val-Borro}, M. and {Paper Contributors}, (Primary and {Aldcroft}, T.~L. and {Cruz}, K.~L. and {Robitaille}, T.~P. and {Tollerud}, E.~J. and {Coordination Committee}, (Astropy and {Ardelean}, C. and {Babej}, T. and {Bach}, Y.~P. and {Bachetti}, M. and {Bakanov}, A.~V. and {Bamford}, S.~P. and {Barentsen}, G. and {Barmby}, P. and {Baumbach}, A. and {Berry}, K.~L. and {Biscani}, F. and {Boquien}, M. and {Bostroem}, K.~A. and {Bouma}, L.~G. and {Brammer}, G.~B. and {Bray}, E.~M. and {Breytenbach}, H. and {Buddelmeijer}, H. and {Burke}, D.~J. and {Calderone}, G. and {Cano Rodr{\'\i}guez}, J.~L. and {Cara}, M. and {Cardoso}, J.~V.~M. and {Cheedella}, S. and {Copin}, Y. and {Corrales}, L. and {Crichton}, D. and {D{\textquoteright}Avella}, D. and {Deil}, C. and {Depagne}, {\'E}. and {Dietrich}, J.~P. and {Donath}, A. and {Droettboom}, M. and {Earl}, N. and {Erben}, T. and {Fabbro}, S. and {Ferreira}, L.~A. and {Finethy}, T. and {Fox}, R.~T. and {Garrison}, L.~H. and {Gibbons}, S.~L.~J. and {Goldstein}, D.~A. and {Gommers}, R. and {Greco}, J.~P. and {Greenfield}, P. and {Groener}, A.~M. and {Grollier}, F. and {Hagen}, A. and {Hirst}, P. and {Homeier}, D. and {Horton}, A.~J. and {Hosseinzadeh}, G. and {Hu}, L. and {Hunkeler}, J.~S. and {Ivezi{\'c}}, {\v{Z}}. and {Jain}, A. and {Jenness}, T. and {Kanarek}, G. and {Kendrew}, S. and {Kern}, N.~S. and {Kerzendorf}, W.~E. and {Khvalko}, A. and {King}, J. and {Kirkby}, D. and {Kulkarni}, A.~M. and {Kumar}, A. and {Lee}, A. and {Lenz}, D. and {Littlefair}, S.~P. and {Ma}, Z. and {Macleod}, D.~M. and {Mastropietro}, M. and {McCully}, C. and {Montagnac}, S. and {Morris}, B.~M. and {Mueller}, M. and {Mumford}, S.~J. and {Muna}, D. and {Murphy}, N.~A. and {Nelson}, S. and {Nguyen}, G.~H. and {Ninan}, J.~P. and {N{\"o}the}, M. and {Ogaz}, S. and {Oh}, S. and {Parejko}, J.~K. and {Parley}, N. and {Pascual}, S. and {Patil}, R. and {Patil}, A.~A. and {Plunkett}, A.~L. and {Prochaska}, J.~X. and {Rastogi}, T. and {Reddy Janga}, V. and {Sabater}, J. and {Sakurikar}, P. and {Seifert}, M. and {Sherbert}, L.~E. and {Sherwood-Taylor}, H. and {Shih}, A.~Y. and {Sick}, J. and {Silbiger}, M.~T. and {Singanamalla}, S. and {Singer}, L.~P. and {Sladen}, P.~H. and {Sooley}, K.~A. and {Sornarajah}, S. and {Streicher}, O. and {Teuben}, P. and {Thomas}, S.~W. and {Tremblay}, G.~R. and {Turner}, J.~E.~H. and {Terr{\'o}n}, V. and {van Kerkwijk}, M.~H. and {de la Vega}, A. and {Watkins}, L.~L. and {Weaver}, B.~A. and {Whitmore}, J.~B. and {Woillez}, J. and {Zabalza}, V. and {Contributors}, (Astropy},
  Doi = {10.3847/1538-3881/aabc4f},
  Eid = {123},
  Journal = {\aj},
  Keywords = {methods: data analysis, methods: miscellaneous, methods: statistical, reference systems, Astrophysics - Instrumentation and Methods for Astrophysics},
  Month = Sep,
  Pages = {123},
  Primaryclass = {astro-ph.IM},
  Title = {{The Astropy Project: Building an Open-science Project and Status of the v2.0 Core Package}},
  Volume = {156},
  Year = 2018,
  Bdsk-Url-1 = {https://doi.org/10.3847/1538-3881/aabc4f}
}

@book{oliphant2006guide,
  title={A guide to NumPy},
  author={Oliphant, Travis E},
  volume={1},
  year={2006},
  publisher={Trelgol Publishing USA}
}

@misc{NumpyFunding,
  author    = {NumFocus},
  title     = {Why Is NumPy Only Now Getting Funded?},
  publisher = {NumFocus Foundation},
  url       = {https://numfocus.org/blog/why-is-numpy-only-now-getting-funded}
}

@ARTICLE{MTsurvey,
  author={S. {Segura} and G. {Fraser} and A. B. {Sanchez} and A. {Ruiz-Cortés}},
  journal={IEEE Transactions on Software Engineering},
  title={A Survey on Metamorphic Testing},
  year={2016},
  volume={42},
  number={9},
  pages={805-824},
}

@article{MTbioinformatics,
  doi = {10.1186/1471-2105-10-24},
  url = {https://doi.org/10.1186/1471-2105-10-24},
  year = {2009},
  publisher = {Springer Science and Business Media {LLC}},
  volume = {10},
  number = {1},
  pages = {24},
  author = {Tsong Chen and Joshua WK Ho and Huai Liu and Xiaoyuan Xie},
  title = {An innovative approach for testing bioinformatics programs using metamorphic testing},
  journal = {{BMC} Bioinformatics}
}

@article{METTLE,
   title={METTLE: A METamorphic Testing Approach to Assessing and Validating Unsupervised Machine Learning Systems},
   ISSN={1558-1721},
   url={http://dx.doi.org/10.1109/TR.2020.2972266},
   DOI={10.1109/tr.2020.2972266},
   journal={IEEE Transactions on Reliability},
   publisher={Institute of Electrical and Electronics Engineers (IEEE)},
   author={Xie, Xiaoyuan and Zhang, Zhiyi and Chen, Tsong Yueh and Liu, Yang and Poon, Pak-Lok and Xu, Baowen},
   year={2020},
   pages={1–30}
}
