@article{Buckheit,
  author =  "Buckheit, J., and Donoho, D. L",
  year =    "1995",
  title =   "Wavelab and reproducible research",
  address =     "New York, NY",
  publisher =   "A. Antoniadis and G. Oppenheim",
}

@article{Boettiger,
 author = {Boettiger, Carl},
 title = {An Introduction to Docker for Reproducible Research},
 journal = {SIGOPS Oper. Syst. Rev.},
 issue_date = {January 2015},
 volume = {49},
 number = {1},
 month = jan,
 year = {2015},
 issn = {0163-5980},
 pages = {71--79},
 numpages = {9},
 url = {http://doi.acm.org.prox.lib.ncsu.edu/10.1145/2723872.2723882},
 doi = {10.1145/2723872.2723882},
 acmid = {2723882},
 publisher = {ACM},
 address = {New York, NY, USA},
}


@ARTICLE{Vandewalle,
author={P. Vandewalle and J. Kovacevic and M. Vetterli},
journal={IEEE Signal Processing Magazine},
title={Reproducible research in signal processing},
year={2009},
volume={26},
number={3},
pages={37-47},
keywords={research and development;signal processing;high-quality reviewing process;large data set;reproducible research;signal processing;win-win situation;Advertising;Digital signal processing;Education;Programming;Reproducibility of results;Scholarships;Signal processing;Signal processing algorithms;Testing;Wikipedia},
doi={10.1109/MSP.2009.932122},
ISSN={1053-5888},
month={May},}

@article{Wilson,
  author    = {Greg Wilson and
               Jennifer Bryan and
               Karen Cranston and
               Justin Kitzes and
               Lex Nederbragt and
               Tracy K. Teal},
  title     = {Good Enough Practices in Scientific Computing},
  journal   = {CoRR},
  volume    = {abs/1609.00037},
  year      = {2016},
  url       = {http://arxiv.org/abs/1609.00037},
  archivePrefix = {arXiv},
  eprint    = {1609.00037},
  timestamp = {Wed, 07 Jun 2017 14:42:20 +0200},
  biburl    = {https://dblp.org/rec/bib/journals/corr/WilsonBCKNT16},
  bibsource = {dblp computer science bibliography, https://dblp.org}
}


@article{Clark,
  author =  "Clark, Dav et al.",
  year =    "2004",
  title =   "BCE: Berkeleyâ€™s Common Scientific Compute Environment for Research and Education",
  journal = "Proceedings of the 13th Python in Science Conference"
}