@article{Powell2016Does,
  author = {Powell, Kendall},
  journal = {Nature},
  number = {7589},
  year = {2016},
  month = {2},
  pages = {148--151},
  title = {Does it take too long to publish research?},
  volume = {530},
  doi = {10.1038/530148a},
  issn = {0028-0836},
  url = {http://dx.doi.org/10.1038/530148a},
}

@article{elife-era,
  title={Welcome to a new ERA of reproducible publishing},
  author={Tsang, Emmy and Maciocci, Giuliano},
  journal={ELife},
  url={https://elifesciences.org/labs/dc5acbde/welcome-to-a-new-era-of-reproducible-publishing},
  year={2020}
}

@inproceedings{jupyter,
  abstract  = {It is increasingly necessary for researchers in all fields to write computer code, and in order to reproduce research results, it is important that this code is published. We present Jupyter notebooks, a document format for publishing code, results and explanations in a form that is both readable and executable. We discuss various tools and use cases for notebook documents.},
  author    = {Kluyver, Thomas and Ragan-Kelley, Benjamin and Pérez, Fernando and Granger, Brian and Bussonnier, Matthias and Frederic, Jonathan and Kelley, Kyle and Hamrick, Jessica and Grout, Jason and Corlay, Sylvain and Ivanov, Paul and Avila, Damián and Abdalla, Safia and Willing, Carol and {Jupyter development team}},
  editor    = {Loizides, Fernando and Scmidt, Birgit},
  location  = {Netherlands},
  publisher = {IOS Press},
  url       = {https://eprints.soton.ac.uk/403913/},
  booktitle = {Positioning and Power in Academic Publishing: Players, Agents and Agendas},
  year      = {2016},
  pages     = {87--90},
  title     = {Jupyter Notebooks - a publishing format for reproducible computational workflows},
}


@inproceedings{binder,
	author = {{Project Jupyter} and Bussonnier, Matthias and Forde, Jessica and Freeman, Jeremy and Granger, Brian and Head, Tim and Holdgraf, Chris and Kelley, Kyle and Nalvarte, Gladys and Osheroff, Andrew and Pacer, M and Panda, Yuvi and Perez, Fernando and Ragan-Kelley, Benjamin and Willing, Carol},
	series = {SciPy},
	booktitle = {Proceedings of the 17th {Python} in {Science} {Conference}},
	doi = {10.25080/majora-4af1f417-011},
	issn = {2575-9752},
	year = {2018},
	organization = {SciPy},
	title = {Binder 2.0 - {Reproducible}, interactive, sharable environments for science at scale},
	url = {http://dx.doi.org/10.25080/Majora-4af1f417-011},
}

@misc{dora2018,
  author       = {{DORA}},
  publisher    = {Google Cloud},
  title        = {Accelerate: State of DevOps 2018: Strategies for a New Economy},
  year         = {2018},
  url          = {https://services.google.com/fh/files/misc/state-of-devops-2018.pdf},
  note         = {Accessed: 2024-08-26}
}

@mastersthesis{blinde2022,
  author       = {Robert Blinde},
  title        = {DevOps Unravelled: A Study on the Effects of Practices and Technologies on Organisational Performance},
  school       = {Leiden Institute of Advanced Computer Science (LIACS), Leiden University},
  year         = {2022},
  month        = {April},
  type         = {Master's Thesis},
  address      = {Leiden, Netherlands},
  note         = {1st supervisor: Dr. C.J. Stettina MSc, 2nd supervisor: T.D. Offerman MSc},
}


@inproceedings{Shneiderman,
	author = {Shneiderman, B.},
	series = {VL-96},
  year={1996},
	booktitle = {Proceedings 1996 {IEEE} {Symposium} on {Visual} {Languages}},
	doi = {10.1109/vl.1996.545307},
	organization = {IEEE Comput. Soc. Press},
	title = {The eyes have it: a task by data type taxonomy for information visualizations},
	url = {http://dx.doi.org/10.1109/VL.1996.545307},
}
