@misc{andrews2012,
  address = {{Babraham, UK}},
  title = {{{FastQC}}},
  copyright = {GPL v3},
  abstract = {FastQC aims to provide a simple way to do some quality control checks on raw sequence data coming from high throughput sequencing pipelines. It provides a modular set of analyses which you can use to give a quick impression of whether your data has any problems of which you should be aware before doing any further analysis.},
  howpublished = {Babraham Institute},
  author = {Andrews, Simon and Krueger, Felix and {Segonds-Pichon}, Anne and Biggins, Laura and Krueger, Christel and Wingett, Steven},
  month = jan,
  year = {2012}
}