@Book{hume48,
  author =  "David Hume",
  year =    "1748",
  title =   "An enquiry concerning human understanding",
  address =     "Indianapolis, IN",
  publisher =   "Hackett",
  doi = "10.1017/CBO9780511808432",
}

@Article{Atr03,
  author = "P Atreides",
  year = "2003",
  title = "How to catch a sandworm",
  journal = "Transactions on Terraforming",
  volume = 21,
  issue = 3,
  pages = {261-300}
}
