@Book{hume48,
  author =  "David Hume",
  year =    "1748",
  title =   "An enquiry concerning human understanding",
  address =     "Indianapolis, IN",
  publisher =   "Hackett",
}
