@misc{scikit-build,
  author       = {Jean-Christophe Fillion-Robin and
                  Matt McCormick and
                  Omar Padron and
                  Max Smolens and
                  Michael Grauer and
                  Michael Sarahan},
  title        = {{jcfr/scipy\_2018\_scikit-build\_talk: SciPy 2018 Talk 
                   | scikit-build: A Build System Generator for
                   CPython C/C++/Fortran/Cython Extensions}},
  month        = feb,
  year         = 2019,
  publisher    = {Zenodo},
  version      = {v1.0},
  doi          = {10.5281/zenodo.2565368},
  url          = {https://doi.org/10.5281/zenodo.2565368}
}

@article{scipy,
  author  = {Virtanen, Pauli and Gommers, Ralf and Oliphant, Travis E. and
            Haberland, Matt and Reddy, Tyler and Cournapeau, David and
            Burovski, Evgeni and Peterson, Pearu and Weckesser, Warren and
            Bright, Jonathan and {van der Walt}, St{\'e}fan J. and
            Brett, Matthew and Wilson, Joshua and Millman, K. Jarrod and
            Mayorov, Nikolay and Nelson, Andrew R. J. and Jones, Eric and
            Kern, Robert and Larson, Eric and Carey, C J and
            Polat, {\.I}lhan and Feng, Yu and Moore, Eric W. and
            {VanderPlas}, Jake and Laxalde, Denis and Perktold, Josef and
            Cimrman, Robert and Henriksen, Ian and Quintero, E. A. and
            Harris, Charles R. and Archibald, Anne M. and
            Ribeiro, Ant{\^o}nio H. and Pedregosa, Fabian and
            {van Mulbregt}, Paul and {SciPy 1.0 Contributors}},
  title   = {{{SciPy} 1.0: Fundamental Algorithms for Scientific
            Computing in Python}},
  journal = {Nature Methods},
  year    = {2020},
  volume  = {17},
  pages   = {261--272},
  adsurl  = {https://rdcu.be/b08Wh},
  doi     = {https://doi.org/10.1038/s41592-019-0686-2},
}

@techreport{pep517,
  author  = {Nathaniel J. Smith and Thomas Kluyver},
  title   = {A build-system independent format for source trees},
  year    = {2015},
  type    = {PEP},
  number  = {517},
  url     = {https://www.python.org/dev/peps/pep-0517},
}

@techreport{pep518,
  author  = {Brett Cannon and Nathaniel J. Smith and Donald Stufft},
  title   = {Specifying Minimum Build System Requirements for Python Projects},
  year    = {2015},
  type    = {PEP},
  number  = {518},
  url     = {https://www.python.org/dev/peps/pep-0518},
}

@techreport{pep621,
  author  = {Brett Cannon and Dustin Ingram and Paul Ganssle and Sébastien Eustace and Thomas Kluyver and Tzu-ping Chung},
  title   = {Storing project metadata in pyproject.toml},
  year    = {2020},
  type    = {PEP},
  number  = {621},
  url     = {https://www.python.org/dev/peps/pep-0621},
}

@techreport{pep660,
  author  = {Daniel Holth and Stéphane Bidoul},
  title   = {Editable installs for pyproject.toml based builds (wheel based)},
  year    = {2021},
  type    = {PEP},
  number  = {660},
  url     = {https://www.python.org/dev/peps/pep-0660},
}

