@article{kreuzberger2023machine,
  title={Machine learning operations (mlops): Overview, definition, and architecture},
  author={Kreuzberger, Dominik and K{\"u}hl, Niklas and Hirschl, Sebastian},
  journal={IEEE Access},
  year={2023},
  publisher={IEEE}
}

@article{hewage2022machine,
  title={Machine learning operations: A survey on MLOps tool support},
  author={Hewage, Nipuni and Meedeniya, Dulani},
  journal={arXiv preprint arXiv:2202.10169},
  year={2022}
}