@misc{CNEOS_Totals,
  author       = {{Center for Near-Earth Object Studies}},
  title        = {Total number of asteroids discovered monthly},
  howpublished = {\url{https://cneos.jpl.nasa.gov/stats/totals.html}},
  note         = {Accessed: October 1, 2024}
}

@misc{NASA_DART2022,
  author       = {{NASA/Johns Hopkins University Applied Physics Laboratory}},
  title        = {NASA's first planetary defense technology demonstration to collide with asteroid in 2022},
  month        = {March},
  year         = {2022},
  howpublished = {\url{https://www.nasa.gov/feature/nasa-s-first-planetary-defense-technology-demonstration-to-collide-with-asteroid-in-2022}},
  note         = {Accessed: October 1, 2024}
}

@article{Shevchenko2019,
  author  = {Shevchenko, V. G. and Tedesco, E. F. and Kovalchuk, L. O. and Fiacconi, A. M. and Zubarev, V. A.},
  title   = {Phase integral of asteroids},
  journal = {Astronomy \& Astrophysics},
  volume  = {626},
  pages   = {A87},
  year    = {2019},
  doi     = {10.1051/0004-6361/201935588}
}

@misc{Talbert2022,
  author       = {Talbert, Tricia},
  title        = {NASA DART imagery shows changed orbit of target asteroid},
  howpublished = {NASA},
  month        = {October},
  day          = {11},
  year         = {2022},
  url          = {https://www.nasa.gov/solar-system/nasa-dart-imagery-shows-changed-orbit-of-target-asteroid/},
  note         = {Accessed: October 1, 2024}
}

@misc{JPL_SBDB,
  author       = {{Jet Propulsion Laboratory}},
  title        = {Small-Body Database Lookup},
  howpublished = {\url{https://ssd.jpl.nasa.gov/tools/sbdb_lookup.html\#/?sstr=65803}},
  note         = {Accessed: October 1, 2024}
}

@misc{FinkBroker,
  author       = {{Fink Broker}},
  title        = {ZTF Minor Planet Photometric Data Release},
  howpublished = {\url{https://fink-portal.org/}},
  note         = {Accessed: October 1, 2024}
}

@misc{ESA_Gaia_DR3,
  author       = {{European Space Agency}},
  title        = {Gaia Data Release 3},
  howpublished = {\url{https://www.cosmos.esa.int/web/gaia/dr3}},
  note         = {Accessed: October 1, 2024}
}

@misc{ALCDEF,
  author       = {{ALCDEF}},
  title        = {Asteroid Lightcurve Photometry Database},
  howpublished = {\url{https://alcdef.org/}},
  note         = {Accessed: October 1, 2024}
}

@misc{PSI_APC,
  author       = {{Planetary Science Institute}},
  title        = {Asteroid Photometric Catalog (APC) "Third Update"},
  howpublished = {\url{https://sbn.psi.edu/pds/resource/apc.html}},
  note         = {Accessed: October 1, 2024}
}

@article{Pravec2000,
  author  = {Pravec, P. and Harris, A. W.},
  title   = {Fast and Slow Rotation of Asteroids},
  journal = {Icarus},
  volume  = {148},
  number  = {1},
  pages   = {12--20},
  year    = {2000},
  doi     = {10.1006/icar.2000.6482}
}

@article{DeMeo2014,
  author  = {DeMeo, F. E. and Carry, B.},
  title   = {Solar System evolution from compositional mapping of the asteroid belt},
  journal = {Nature},
  volume  = {505},
  number  = {7485},
  pages   = {629--634},
  year    = {2014},
  doi     = {10.1038/nature12908}
}
