# ATLAS
@article{PERF-2007-01,
    author         = "{ATLAS Collaboration}",
    title          = "{The ATLAS Experiment at the CERN Large Hadron Collider}",
    journal        = "JINST",
    volume         = "3",
    year           = "2008",
    pages          = "S08003",
    doi            = "10.1088/1748-0221/3/08/S08003",
    primaryClass   = "hep-ex",
}

# Scikit-HEP
@article{Rodrigues:2020syo,
    author = "Rodrigues, Eduardo and others",
    editor = "Doglioni, C. and Kim, D. and Stewart, G. A. and Silvestris, L. and Jackson, P. and Kamleh, W.",
    title = "{The Scikit HEP Project -- overview and prospects}",
    eprint = "2007.03577",
    archivePrefix = "arXiv",
    primaryClass = "physics.comp-ph",
    doi = "10.1051/epjconf/202024506028",
    journal = "EPJ Web Conf.",
    volume = "245",
    pages = "06028",
    year = "2020"
}

# IRIS-HEP
@article{S2I2HEPSP,
  author        = "Elmer, Peter and Neubauer, Mark and Sokoloff, Michael D.",
  title         = "{Strategic Plan for a Scientific Software Innovation Institute (S2I2) for High Energy Physics}",
  year          = "2017",
  note          = "[arXiv 1712.06592] \url{https://arxiv.org/abs/1712.06592}",
  archiveprefix = "arXiv",
  eprint        = "1712.06592",
  primaryclass  = "physics.comp-ph",
}

@article{CWPDOC,
  author        = "Albrecht, Johannes and others",
  journal       = "Comput. Softw. Big Sci.",
  title         = "{A Roadmap for HEP Software and Computing R\&D for the 2020s}",
  year          = "2019",
  number        = "1",
  pages         = "7",
  volume        = "3",
  archiveprefix = "arXiv",
  collaboration = "HEP Software Foundation",
  doi           = "10.1007/s41781-018-0018-8",
  eprint        = "1712.06982",
  primaryclass  = "physics.comp-ph",
  reportnumber  = "HSF-CWP-2017-01, HSF-CWP-2017-001, FERMILAB-PUB-17-607-CD",
}

# PyHEP
@misc{PyHEP,
   author = "{HEP Software Foundation}",
   year = {2024},
   title = "{Python in HEP (PyHEP) HSF Working Group}",
   url = {https://hepsoftwarefoundation.org/workinggroups/pyhep.html}
}

# Scikit-HEP packaging SciPy 2022 proceedings
@inproceedings{henry_schreiner-proc-scipy-2022,
  author    = {{H}enry {S}chreiner and {J}im {P}ivarski and {E}duardo {R}odrigues},
  title     = {{A}wkward {P}ackaging: building {S}cikit-{H}{E}{P}},
  booktitle = {{P}roceedings of the 21st {P}ython in {S}cience {C}onference},
  pages     = {115 - 120},
  year      = {2022},
  editor    = {{M}eghann {A}garwal and {C}hris {C}alloway and {D}illon {N}iederhut and {D}avid {S}hupe},
  doi       = {10.25080/majora-212e5952-012}
}

# nanobind
@misc{nanobind,
   author = {Wenzel Jakob},
   year = {2022},
   note = {https://github.com/wjakob/nanobind},
   title = {nanobind: tiny and efficient C++/Python bindings},
   url = {https://github.com/wjakob/nanobind}
}

# Awkward Array
@software{Awkward_Array_zenodo,
author = {Pivarski, Jim and Osborne, Ianna and Ifrim, Ioana and Schreiner, Henry and Hollands, Angus and Biswas, Anish and Das, Pratyush and Roy Choudhury, Santam and Smith, Nicholas and Goyal, Manasvi},
doi = {10.5281/zenodo.4341376},
month = oct,
title = {{Awkward Array}},
year = {2018}
}

# uproot
@software{Uproot_zenodo,
author = {Pivarski, Jim and Schreiner, Henry and Hollands, Angus and Das, Pratyush and Kothari, Kush and Roy, Aryan and Ling, Jerry and Smith, Nicholas and Burr, Chris and Stark, Giordon},
doi = {10.5281/zenodo.4340632},
month = sep,
title = {{Uproot}},
year = {2017}
}

# Dask
@manual{Dask,
  title = {Dask: Library for dynamic task scheduling},
  author = {{Dask Development Team}},
  year = {2016},
  url = {https://dask.pydata.org},
}

# dask-awkward
@software{Dask-awkward,
  author = "{dask-awkward Development Team}",
  title = {{dask-awkward}},
  year = {2022},
  url = {https://github.com/dask-contrib/dask-awkward},
}

# boost-histogram
@software{Boost-histogram_zenodo,
author = {Schreiner, Henry and Dembinski, Hans  and Goel, Aman and Gohil, Jay and Liu, Shuo and Eschle, Jonas and Maji, Chanchal and Novak, Andrzej and Burr, Chris and Davis, Doug and Lieret, Kilian and Gizdov, Konstantin and Cranmer, Kyle and Feickert, Matthew and Grimaud Pierre},
doi = {10.5281/zenodo.3492034},
title = {{boost-histogram}},
year = {2018}
}

# dask-histogram
@software{Dask-histogram,
  author = "{dask-histogram Development Team}",
  title = {{dask-histogram}},
  year = {2021},
  url = {https://github.com/dask-contrib/dask-histogram},
}

# hist
@software{hist_zenodo,
author = {Schreiner, Henry and Liu, Shuo and Goel, Aman},
doi = {10.5281/zenodo.4057112},
license = {BSD-3-Clause},
title = {{hist}},
url = {https://github.com/scikit-hep/hist}
}

# coffea
@software{coffea_zenodo,
author = {Gray, Lindsey and Smith, Nicholas and Novak, Andrzej and Fackeldey, Peter and Tovar, Benjamin and Chen, Yi-Mu and Watts, Gordon and Krommydas, Iason},
doi = {10.5281/zenodo.3266454},
title = {{coffea}},
url = {https://github.com/CoffeaTeam/coffea},
year = {2019}
}

# mplhep
@software{mplhep_zenodo,
author = {Novak, Andrzej and Schreiner, Henry and Feickert, Matthew},
doi = {10.5281/zenodo.6807166},
license = {MIT},
month = apr,
title = {{mplhep}},
url = {https://github.com/scikit-hep/mplhep},
year = {2020}
}

# pyhf
@software{pyhf_zenodo,
  author = {Lukas Heinrich and Matthew Feickert and Giordon Stark},
  title = "{pyhf: v0.7.6}",
  version = {0.7.6},
  doi = {10.5281/zenodo.1169739},
  url = {https://doi.org/10.5281/zenodo.1169739},
  note = {https://github.com/scikit-hep/pyhf/releases/tag/v0.7.6}
}

@article{pyhf_joss,
  doi = {10.21105/joss.02823},
  url = {https://doi.org/10.21105/joss.02823},
  year = {2021},
  publisher = {The Open Journal},
  volume = {6},
  number = {58},
  pages = {2823},
  author = {Lukas Heinrich and Matthew Feickert and Giordon Stark and Kyle Cranmer},
  title = {pyhf: pure-Python implementation of HistFactory statistical models},
  journal = {Journal of Open Source Software}
}

# cabinetry
@software{cabinetry_zenodo,
  author = {Alexander Held and Matthew Feickert},
  title = "{cabinetry}",
  doi = {10.5281/zenodo.4742752},
  url = {https://doi.org/10.5281/10.5281/zenodo.4742752},
  note = {https://github.com/scikit-hep/cabinetry}
}

# iminuit
@software{iminuit_zenodo,
author = {Dembinski, Hans and Ongmongkolkul, Piti and Deil, Christoph and Schreiner, Henry and Feickert, Matthew and Burr, Chris and Watson, Jason and Rost, Fabian and Pearce, Alex and Geiger, Lukas and Abdelmotteleb, Ahmed and Desai, Aman and Wiedemann, Bernhard M. and Gohlke, Christoph and Sanders, Jeremy and Drotleff, Jonas and Eschle, Jonas and Neste, Ludwig and Gorelli, Marco Edward and Baak, Max and Eliachevitch, Michael and Zapata, Omar},
license = {MIT},
doi = {10.5281/zenodo.3949207},
title = "{iminuit}",
url = {https://github.com/scikit-hep/iminuit}
}

# Columnar analysis with ATLAS data
@article{Hartmann:2021qzp,
    author = {Hartmann, Nikolai and Elmsheuser, Johannes and Duckeck, G\"unter},
    collaboration = "ATLAS Software and Computing",
    title = "{Columnar data analysis with ATLAS analysis formats}",
    reportNumber = "ATL-SOFT-PROC-2021-015",
    doi = "10.1051/epjconf/202125103001",
    journal = "EPJ Web Conf.",
    volume = "251",
    pages = "03001",
    year = "2021"
}

# ROOT
@article{Brun:1997pa,
    author = "Brun, R. and Rademakers, F.",
    editor = "Werlen, M. and Perret-Gallix, D.",
    title = "{ROOT: An object oriented data analysis framework}",
    doi = "10.1016/S0168-9002(97)00048-X",
    journal = "Nucl. Instrum. Meth. A",
    volume = "389",
    pages = "81--86",
    year = "1997"
}

# Mentions of ROOT's columnar data structures
@article{Pivarski:2020qcb,
    author = "Pivarski, Jim and Elmer, Peter and Lange, David",
    editor = "Doglioni, C. and Kim, D. and Stewart, G. A. and Silvestris, L. and Jackson, P. and Kamleh, W.",
    title = "{Awkward Arrays in Python, C++, and Numba}",
    eprint = "2001.06307",
    archivePrefix = "arXiv",
    primaryClass = "cs.MS",
    doi = "10.1051/epjconf/202024505023",
    journal = "EPJ Web Conf.",
    volume = "245",
    pages = "05023",
    year = "2020"
}

# Athena
@software{Athena_zenodo,
  author = "{ATLAS Collaboration}",
  doi = {10.5281/zenodo.4772550},
  title = {{Athena}},
  year = {2021}
}

# ATLAS software note
@booklet{ATL-SOFT-PUB-2021-001,
    author         = "{ATLAS Collaboration}",
    title          = "{The ATLAS Collaboration Software and Firmware}",
    howpublished   = "{ATL-SOFT-PUB-2021-001}",
    url            = "https://cds.cern.ch/record/2767187",
    year           = "2021",
}

# NumPy
@article{numpy,
  author       = {Harris, Charles R. and Millman, K. Jarrod and van der Walt, Stéfan J. and Gommers, Ralf and Virtanen, Pauli and Cournapeau, David and Wieser, Eric and Taylor, Julian and Berg, Sebastian and Smith, Nathaniel J. and Kern, Robert and Picus, Matti and Hoyer, Stephan and van Kerkwijk, Marten H. and Brett, Matthew and Haldane, Allan and del Río, Jaime Fernández and Wiebe, Mark and Peterson, Pearu and Gérard-Marchant, Pierre and Sheppard, Kevin and Reddy, Tyler and Weckesser, Warren and Abbasi, Hameer and Gohlke, Christoph and Oliphant, Travis E.},
  publisher    = {Springer Science and Business Media {LLC}},
  doi          = {https://doi.org/10.1038/s41586-020-2649-2},
  date         = {2020-09},
  year         = {2020},
  journal      = {Nature},
  number       = {7825},
  pages        = {357--362},
  title        = {Array programming with {NumPy}},
  volume       = {585},
}

# Matplotlib
@article{matplotlib,
  abstract     = {Matplotlib is a 2D graphics package used for Python for application development, interactive scripting, and publication-quality image generation across user interfaces and operating systems.},
  author       = {Hunter, J. D.},
  publisher    = {IEEE COMPUTER SOC},
  year         = {2007},
	doi          = {https://doi.org/10.1109/MCSE.2007.55},
  journal      = {Computing in Science \& Engineering},
  number       = {3},
  pages        = {90--95},
  title        = {Matplotlib: A 2D graphics environment},
  volume       = {9},
}

# ATLAS Higgs discovery
@article{HIGG-2012-27,
    author         = "{ATLAS Collaboration}",
    title          = "{Observation of a new particle in the search for the Standard Model Higgs boson with the ATLAS detector at the LHC}",
    journal        = "Phys. Lett. B",
    volume         = "716",
    year           = "2012",
    pages          = "1",
    doi            = "10.1016/j.physletb.2012.08.020",
    reportNumber   = "CERN-PH-EP-2012-218",
    eprint         = "1207.7214",
    archivePrefix  = "arXiv",
    primaryClass   = "hep-ex",
}

# CMS Higgs discovery
@article{CMS-HIG-12-028,
    author         = "{CMS Collaboration}",
    title          = "{Observation of a new boson at a mass of 125 GeV with the CMS experiment at the LHC}",
    journal        = "Phys. Lett. B",
    volume         = "716",
    year           = "2012",
    pages          = "30",
    doi            = "10.1016/j.physletb.2012.08.021",
    reportNumber   = "CERN-PH-EP-2012-220",
    eprint         = "1207.7235",
    archivePrefix  = "arXiv",
    primaryClass   = "hep-ex",
}

# ACAT 2024 poster
@techreport{Kourlitis:2890478,
      author        = "Kourlitis, Vangelis and Vigl, Matthias and Krumnack, Nils
                       Erik and Feickert, Matthew and Stark, Giordon Holtsberg and
                       Heinrich, Lukas Alexander and Watts, Gordon and Held,
                       Alexander and Hartmann, Nikolai",
      title         = "{Using Legacy ATLAS C++ Calibration Tools in Modern
                       Columnar Analysis Environments - Poster for ACAT 2024}",
      institution   = "CERN",
      reportNumber  = "ATL-COM-SOFT-2024-014",
      address       = "Geneva",
      year          = "2024",
      url           = "https://indico.cern.ch/event/1330797/contributions/5796636/",
      note          = "22nd International Workshop on Advanced Computing and
                       Analysis Techniques in Physics Research, Stony Brook, Us 11
                       - 15 Mar 2024",
}

# ATLAS open data
@misc{ATLAS-open-data,
  author       = "{ATLAS Collaboration}",
  title        = "{ATLAS 13 TeV samples collection at least four leptons (electron or muon), for 2020 Open Data release}",
  year         = "2020",
  howpublished = "{CERN Open Data Portal}",
  doi          = "10.7483/OPENDATA.ATLAS.2Y1T.TLGL",
}

# IRIS-HEP Analysis Grand Challenge ATLAS
@misc{IRIS-HEP-AGC,
  author       = {Alexander Held and
                  Elliott Kauffman and
                  Oksana Shadura and
                  Enrico Guiraud and
                  Matthew Feickert and
                  Jayjeet Chakraborty and
                  Mason Proffitt and
                  Andrew Wightman and
                  KyungEon Choi and
                  Andrzej Novak and
                  David Koch and
                  Elise Chavez and
                  Maria A. and
                  Mat Adamec and
                  Saransh Chopra and
                  Storm Lin and
                  Tal van Daalen and
                  TatianaOvsiannikova},
  title        = "IRIS-HEP Analysis Grand Challenge",
  month        = sep,
  year         = 2023,
  publisher    = {Zenodo},
  version      = {v1.4.0},
  doi          = {10.5281/zenodo.7274936},
  url          = {https://doi.org/10.5281/zenodo.7274936}
}

# These references may be helpful:

@inproceedings{jupyter,
  abstract  = {It is increasingly necessary for researchers in all fields to write computer code, and in order to reproduce research results, it is important that this code is published. We present Jupyter notebooks, a document format for publishing code, results and explanations in a form that is both readable and executable. We discuss various tools and use cases for notebook documents.},
  author    = {Kluyver, Thomas and Ragan-Kelley, Benjamin and Pérez, Fernando and Granger, Brian and Bussonnier, Matthias and Frederic, Jonathan and Kelley, Kyle and Hamrick, Jessica and Grout, Jason and Corlay, Sylvain and Ivanov, Paul and Avila, Damián and Abdalla, Safia and Willing, Carol and {Jupyter development team}},
  editor    = {Loizides, Fernando and Scmidt, Birgit},
  location  = {Netherlands},
  publisher = {IOS Press},
  url       = {https://eprints.soton.ac.uk/403913/},
  booktitle = {Positioning and Power in Academic Publishing: Players, Agents and Agendas},
  year      = {2016},
  pages     = {87--90},
  title     = {Jupyter Notebooks - a publishing format for reproducible computational workflows},
}


@misc{pandas1,
  author    = {{The Pandas Development Team}},
  title     = {pandas-dev/pandas: Pandas},
  month     = feb,
  year      = {2020},
  publisher = {Zenodo},
  version   = {latest},
  url       = {https://doi.org/10.5281/zenodo.3509134},
}

@inproceedings{pandas2,
  author    = {Wes McKinney},
  title     = {{D}ata {S}tructures for {S}tatistical {C}omputing in {P}ython},
  booktitle = {{P}roceedings of the 9th {P}ython in {S}cience {C}onference},
  pages     = {56 - 61},
  year      = {2010},
  editor    = {{S}t\'efan van der {W}alt and {J}arrod {M}illman},
	doi       = {https://doi.org/10.25080/Majora-92bf1922-00a},
}

@article{scipy,
  author  = {Virtanen, Pauli and Gommers, Ralf and Oliphant, Travis E. and
            Haberland, Matt and Reddy, Tyler and Cournapeau, David and
            Burovski, Evgeni and Peterson, Pearu and Weckesser, Warren and
            Bright, Jonathan and {van der Walt}, St{\'e}fan J. and
            Brett, Matthew and Wilson, Joshua and Millman, K. Jarrod and
            Mayorov, Nikolay and Nelson, Andrew R. J. and Jones, Eric and
            Kern, Robert and Larson, Eric and Carey, C J and
            Polat, {\.I}lhan and Feng, Yu and Moore, Eric W. and
            {VanderPlas}, Jake and Laxalde, Denis and Perktold, Josef and
            Cimrman, Robert and Henriksen, Ian and Quintero, E. A. and
            Harris, Charles R. and Archibald, Anne M. and
            Ribeiro, Ant{\^o}nio H. and Pedregosa, Fabian and
            {van Mulbregt}, Paul and {SciPy 1.0 Contributors}},
  title   = {{{SciPy} 1.0: Fundamental Algorithms for Scientific
            Computing in Python}},
  journal = {Nature Methods},
  year    = {2020},
  volume  = {17},
  pages   = {261--272},
  adsurl  = {https://rdcu.be/b08Wh},
	doi     = {https://doi.org/10.1038/s41592-019-0686-2},
}
